@inproceedings{Dasgupta:2019:DPA,
 author = {Dasgupta, Sandeep},
 title = {The K Framework},
 booktitle = {Workshop on Declarative Program Analysis},
 series = {DPA, 2019},
 year = {2019},
 location = {Phoenix, AZ, USA},
 url = {https://pldi19.sigplan.org/details/dpa-2019-papers/5/The-K-Framework},
 keywords = {K Framework, Formal Methods},
}
