@inproceedings{DBLP:conf/parco/BasakDK11,
  author    = {Barnali Basak and
               Sandeep Dasgupta and
               Amey Karkare},
  title     = {Heap Dependence Analysis for Sequential Programs},
  booktitle = {Applications, Tools and Techniques on the Road to Exascale Computing,
               Proceedings of the conference ParCo 2011, 31 August - 3 September
               2011, Ghent, Belgium},
  pages     = {99--106},
  year      = {2011},
  crossref  = {DBLP:conf/parco/2011},
  url       = {https://doi.org/10.3233/978-1-61499-041-3-99},
  doi       = {10.3233/978-1-61499-041-3-99},
  timestamp = {Fri, 26 May 2017 00:51:02 +0200},
  biburl    = {https://dblp.org/rec/bib/conf/parco/BasakDK11},
  bibsource = {dblp computer science bibliography, https://dblp.org}
}
