@inproceedings{Dasgupta:2019:CFS:3314221.3314601,
 author = {Dasgupta, Sandeep and Park, Daejun and Kasampalis, Theodoros and Adve, Vikram S. and Ro\c{s}u, Grigore},
 title = {A Complete Formal Semantics of x86-64 User-level Instruction Set Architecture},
 booktitle = {Proceedings of the 40th ACM SIGPLAN Conference on Programming Language Design and Implementation},
 series = {PLDI 2019},
 year = {2019},
 isbn = {978-1-4503-6712-7},
 location = {Phoenix, AZ, USA},
 pages = {1133--1148},
 numpages = {16},
 url = {http://doi.acm.org/10.1145/3314221.3314601},
 doi = {10.1145/3314221.3314601},
 acmid = {3314601},
 publisher = {ACM},
 address = {New York, NY, USA},
 keywords = {Formal Semantics, ISA specification, x86-64},
}