@inproceedings{Dasgupta:2020,
 author = {Dasgupta, Sandeep and Dinesh, Sushant and Venkatesh, Deepan and Adve, Vikram S., and Fletcher, Christopher W.},
 title = {Scalable Validation of Binary Lifters},
 booktitle = {Proceedings of the 41st ACM SIGPLAN Conference on Programming Language Design and Implementation},
 series = {PLDI 2020},
 year = {2020},
 isbn = {978-1-4503-7613-6},
 location = {London, UK},
 url = {http://doi.acm.org/10.1145/3385412.3385964},
 doi = {10.1145/3385412.3385964},
 acmid = {3385964},
 publisher = {ACM},
 keywords = {x86-64, Translation Validation, Formal Semantics, LLVM IR, Compiler Optimizations, Graph Isomorphism},
}
