@inproceedings{Dasgupta:2012:PSA:2245276.2231982,
 author = {Dasgupta, Sandeep and Karkare, Amey},
 title = {Precise Shape Analysis Using Field Sensitivity},
 booktitle = {Proceedings of the 27th Annual ACM Symposium on Applied Computing},
 series = {SAC '12},
 year = {2012},
 isbn = {978-1-4503-0857-1},
 location = {Trento, Italy},
 pages = {1300--1307},
 numpages = {8},
 url = {http://doi.acm.org/10.1145/2245276.2231982},
 doi = {10.1145/2245276.2231982},
 acmid = {2231982},
 publisher = {ACM},
 address = {New York, NY, USA},
 keywords = {dataflow analysis, heap analysis, pointer analysis, shape analysis, static analysis},
}
