@inproceedings{Dasgupta:2019:SPISA,
 author = {Miranti, Andrew H. and Dasgupta, Sandeep and and Ro\c{s}u, Grigore},
 title = {Towards Formalizing the x86-64 Instruction Decoder in K},
 booktitle = {Workshop on Instruction Set Architecture Specification,  SpISA 2019},
 series = {SpISA 2019},
 year = {2019},
 month = {September},
 location = {Portland State University, Portland OR, USA},
 numpages = {4},
 url = {https://www.cl.cam.ac.uk/~jrh13/spisa19/paper_03.pdf},
 keywords = {Formal Semantics, ISA specification, x86-64},
}
