@phdthesis{dasgupta_thesis_2020,
  author       = {Dasgupta, Sandeep}, 
  title        = {Scalable Validation Of Binary Lifters},
  school       = {University of Illinois at Urbana Champaign},
  year         = {2020},
  url          = {http://hdl.handle.net/2142/107968},
}
